@webpage{universalGrabber,
	author = {Eric Brown, John Amend, Mitchell Zakin},
	title = {Universal robotic gripper based on the jamming of granular material},
	month = feb,
	year = {2014},
	howpublished={\url{http://creativemachines.cornell.edu/jamming_gripper}}
}

@webpage{screwDispenser,
	author = {Design Tools Inc.},
	title = {Screw Dispensers},
	month = feb,
	year = {2014},
	howpublished={\url{http://www.designtoolinc.com/automatic-fastener-presenting/screw_dispensers/index.php}}
}

@webpage{legoSorter,
	author = {Itchy4000},
	title = {Lego Pin Sorting Machine},
	month = feb,
	year = {2014},
	howpublished={\url{http://www.youtube.com/watch?v=kYhE0Yhv7qM}}
}

@webpage{vacuumPick,
	author = {John Chandler},
	title = {A DIY Vacuum Pick \& Place Tool},
	month = feb,
	year = {2014},
	howpublished={\url{http://digital-diy.com/forum/electronics-projects/a-diy-vacuum-pick-place-tool-t2862.html#p16895}}
}

