@webpage{1,
	title = {LogicBlocks Kit},
	month = april,
	year = {2014},
	howpublished={\url{https://www.sparkfun.com/products/11006}}
}

@webpage{2,
	title = {Capilano Computing Systems 'Logicworks 5'},
	month = april,
	year = {2014},
	howpublished={\url{http://www.capilano.com/lww_5}}
}

@webpage{3,
	title = {Zachtronics Industries 'Kohctpyktop'},
	month = april,
	year = {2014},
	howpublished={\url{http://www.zachtronics.com/kohctpyktop/kohctpyktop.htm}}
}