@webpage{vacuumPickTool,
	Date-Added = {2014-02-25 15:15:33 +0000},
	Date-Modified = {2014-02-25 15:16:31 +0000},
	Keywords = {pickup, vacuum},
	Lastchecked = {2/19/2014},
	Month = {February},
	Url = {http://digital-diy.com/forum/electronics-projects/a-diy-vacuum-pick-place-tool-t2862.html#p16895},
	Year = {2014}}

@webpage{logoPinSorter,
	Date-Added = {2014-02-25 15:14:53 +0000},
	Date-Modified = {2014-02-25 15:15:30 +0000},
	Keywords = {lego, sorter},
	Lastchecked = {2/19/2014},
	Month = {February},
	Url = {http://www.youtube.com/watch?v=kYhE0Yhv7qM},
	Year = {2014}}

@webpage{screwDispenser,
	Date-Added = {2014-02-25 15:14:21 +0000},
	Date-Modified = {2014-02-25 15:14:49 +0000},
	Keywords = {screw, dispenser},
	Month = {February},
	Url = {http://www.designtoolinc.com/automatic-fastener-presenting/screw_dispensers/index.php},
	Year = {2014}}

@webpage{roboticGripper,
	Date-Added = {2014-02-25 15:11:32 +0000},
	Date-Modified = {2014-02-25 15:14:11 +0000},
	Keywords = {robotic, gripper, universal},
	Month = {February},
	Url = {http://creativemachines.cornell.edu/jamming_gripper},
	Year = {2014}}
